@inproceedings{Pierce2002TypesAP,
  title={Types and programming languages},
  author={Benjamin C. Pierce},
  year={2002}
}